@article{deap,
  title={A guide to DEAP version 2.1: a data envelopment analysis (computer) program},
  author={Coelli, Tim},
  journal={Centre for Efficiency and Productivity Analysis, University of New England, Australia},
  volume={96},
  number={08},
  pages={1--49},
  year={1996}
}
